<record xmlns="http://www.loc.gov/MARC21/slim" xmlns:xsi="http://www.w3.org/2001/XMLSchema-instance" xsi:schemaLocation="http://www.loc.gov/MARC21/slim http://www.loc.gov/standards/marcxml/schema/MARC21slim.xsd"><leader>     nam a22        4500</leader><controlfield tag="001">001685984</controlfield><controlfield tag="003">NNU</controlfield><controlfield tag="006">m        d        </controlfield><controlfield tag="007">cr cn |||m|||a</controlfield><controlfield tag="008">150313s1964    iq h    o     000 0 ara d</controlfield><datafield ind1=" " ind2=" " tag="040"><subfield code="a">NNU</subfield><subfield code="b">eng</subfield><subfield code="c">NNU</subfield></datafield><datafield ind1="0" ind2=" " tag="050"><subfield code="a">PJ7842</subfield><subfield code="b">.A9 1964 (Orien Arab)</subfield></datafield><datafield ind1=" " ind2=" " tag="066"><subfield code="c">(3</subfield></datafield><datafield ind1=" " ind2=" " tag="090"><subfield code="a">PJ7842</subfield><subfield code="b">.A9 1964</subfield></datafield><datafield ind1="1" ind2=" " tag="100"><subfield code="6">880-01</subfield><subfield code="a">K&#257;&#7827;im&#299;, J&#257;bir ibn &#699;Abd al-&#7716;usayn,</subfield><subfield code="d">1807 or 8-1895 or 6</subfield></datafield><datafield ind1="1" ind2="0" tag="240"><subfield code="6">880-02</subfield><subfield code="a">Poems.</subfield><subfield code="f">1964</subfield></datafield><datafield ind1="1" ind2="0" tag="245"><subfield code="6">880-03</subfield><subfield code="a">D&#299;w&#257;n al-Shaykh J&#257;bir al-K&#257;&#7827;im&#299;</subfield><subfield code="h">[electronic resource] /</subfield><subfield code="c">ta&#7717;q&#299;q Mu&#7717;ammad &#7716;asan &#256;l Y&#257;s&#299;n.</subfield></datafield><datafield ind1=" " ind2=" " tag="250"><subfield code="6">880-04</subfield><subfield code="a">al-&#7788;ab&#699;ah 1.</subfield></datafield><datafield ind1=" " ind2=" " tag="260"><subfield code="6">880-05</subfield><subfield code="a">Baghd&#257;d :</subfield><subfield code="b">al-Maktabah al-&#699;Ilm&#299;yah,</subfield><subfield code="c">[1964]</subfield></datafield><datafield ind1=" " ind2=" " tag="300"><subfield code="a">online resource (14, 394 p.) :</subfield><subfield code="b">facsims.</subfield></datafield><datafield ind1=" " ind2=" " tag="500"><subfield code="a">Part of the Arabic Collections Online (ACO) project, contributed by New York Univeristy Libraries.</subfield></datafield><datafield ind1=" " ind2=" " tag="533"><subfield code="a">Electronic reproduction.</subfield><subfield code="b">New York, N.Y. :</subfield><subfield code="c">New York University,</subfield><subfield code="d">2015.</subfield><subfield code="5">NNU</subfield></datafield><datafield ind1="1" ind2=" " tag="700"><subfield code="6">880-06</subfield><subfield code="a">&#256;l Y&#257;s&#299;n, Mu&#7717;ammad &#7716;asan</subfield></datafield><datafield ind1="2" ind2=" " tag="710"><subfield code="a">New York University.</subfield><subfield code="b">Libraries.</subfield></datafield><datafield ind1="0" ind2=" " tag="730"><subfield code="a">Arabic Collections Online.</subfield></datafield><datafield ind1="0" ind2="8" tag="776"><subfield code="i">Print version:</subfield><subfield code="a">K&#257;&#7827;im&#299;, J&#257;bir ibn &#699;Abd al-&#7716;usayn, 1807 or 8-1895 or 6 880-01</subfield><subfield code="t">D&#299;w&#257;n al-Shaykh J&#257;bir al-K&#257;&#7827;im&#299;</subfield><subfield code="w">(NNU)001685984</subfield><subfield code="w">(DLC)ne 65001154</subfield></datafield><datafield ind1="4" ind2="0" tag="856"><subfield code="u">http://hdl.handle.net/2333.1/6q573qjv</subfield></datafield><datafield ind1="1" ind2=" " tag="880"><subfield code="6">100-01/</subfield><subfield code="a">&#1603;&#1575;&#1592;&#1605;&#1610;&#1548; &#1580;&#1575;&#1576;&#1585; &#1576;&#1606; &#1593;&#1576;&#1583; &#1575;&#1604;&#1581;&#1587;&#1610;&#1606;.</subfield></datafield><datafield ind1="1" ind2="0" tag="880"><subfield code="6">240-02/</subfield><subfield code="a">&#1571;&#1588;&#1593;&#1575;&#1585;.</subfield><subfield code="f">1964</subfield></datafield><datafield ind1="1" ind2="0" tag="880"><subfield code="6">245-03/</subfield><subfield code="a">&#1583;&#1610;&#1608;&#1575;&#1606; &#1575;&#1604;&#1588;&#1610;&#1582; &#1580;&#1575;&#1576;&#1585; &#1575;&#1604;&#1603;&#1575;&#1592;&#1605;&#1610; /</subfield><subfield code="c">&#1578;&#1581;&#1602;&#1610;&#1602; &#1605;&#1581;&#1605;&#1583; &#1581;&#1587;&#1606; &#1570;&#1604; &#1610;&#1575;&#1587;&#1610;&#1606;.</subfield></datafield><datafield ind1=" " ind2=" " tag="880"><subfield code="6">250-04/</subfield><subfield code="a">&#1575;&#1604;&#1591;&#1576;&#1593;&#1577; 1.</subfield></datafield><datafield ind1=" " ind2=" " tag="880"><subfield code="6">260-05/</subfield><subfield code="a">&#1576;&#1594;&#1583;&#1575;&#1583; :</subfield><subfield code="b">&#1575;&#1604;&#1605;&#1603;&#1578;&#1576;&#1577; &#1575;&#1604;&#1593;&#1604;&#1605;&#1610;&#1577;&#1548;</subfield><subfield code="c">[1964]</subfield></datafield><datafield ind1="1" ind2=" " tag="880"><subfield code="6">700-06/</subfield><subfield code="a">&#1570;&#1604; &#1610;&#1575;&#1587;&#1610;&#1606;&#1548; &#1605;&#1581;&#1605;&#1583; &#1581;&#1587;&#1606;.</subfield></datafield><datafield ind1=" " ind2=" " tag="959"><subfield code="a">NNU</subfield><subfield code="b">WEB</subfield><subfield code="c">GENI</subfield><subfield code="t">0</subfield><subfield code="m">Electronic access</subfield><subfield code="s">01</subfield></datafield><datafield ind1=" " ind2=" " tag="999"><subfield code="i">NNU_001685984</subfield><subfield code="s">nyu_aco000532</subfield></datafield></record>